<record><leader>00000cas a2200000 a 4500</leader><controlfield tag="001">23955247</controlfield><controlfield tag="008">910619d1989199uiluwr ne      0   a0eng c</controlfield><datafield ind1=" " ind2=" " tag="010"><subfield code="a">sn 91055361 </subfield></datafield><datafield ind1=" " ind2=" " tag="040"><subfield code="a">NVF</subfield><subfield code="b">eng</subfield><subfield code="c">NVF</subfield><subfield code="d">CVF</subfield><subfield code="d">OCLCQ</subfield><subfield code="d">NVF</subfield><subfield code="d">OCLCO</subfield><subfield code="d">OCLCF</subfield></datafield><datafield ind1="1" ind2=" " tag="029"><subfield code="a">AU@</subfield><subfield code="b">000025876909</subfield></datafield><datafield ind1=" " ind2=" " tag="042"><subfield code="a">pcc</subfield></datafield><datafield ind1=" " ind2=" " tag="043"><subfield code="a">n-us-il</subfield></datafield><datafield ind1="0" ind2="0" tag="245"><subfield code="a">Ravenswood-Albany Park news-star.</subfield></datafield><datafield ind1="1" ind2="3" tag="246"><subfield code="a">News-star</subfield></datafield><datafield ind1="3" ind2=" " tag="246"><subfield code="a">Ravenswood Albany Park news star</subfield></datafield><datafield ind1="3" ind2=" " tag="246"><subfield code="a">News star</subfield></datafield><datafield ind1=" " ind2=" " tag="260"><subfield code="a">Chicago, Ill. :</subfield><subfield code="b">Pulitzer-Lerner Newspapers,</subfield><subfield code="c">1989-[199-?]</subfield></datafield><datafield ind1=" " ind2=" " tag="300"><subfield code="a">v.</subfield></datafield><datafield ind1=" " ind2=" " tag="310"><subfield code="a">Weekly</subfield></datafield><datafield ind1="0" ind2=" " tag="362"><subfield code="a">Vol. 87, no. 15 (Apr. 11, 1989)-v. 87, no. 34 (Aug. 22, 1989) ; 87th year, no. 35 (Aug. 29, 1989)-</subfield></datafield><datafield ind1=" " ind2=" " tag="580"><subfield code="a">Formed by the union of: Albany Park news and: Ravenswood news (Chicago, Ill.).</subfield></datafield><datafield ind1=" " ind2=" " tag="580"><subfield code="a">Merged with: Rogers Park-Edgewater-Uptown news-star, and: North Town news-star, to form: News-star (Chicago, Ill. : North Town Rogers Park Edgewater Ravenswood Albany Park ed.).</subfield></datafield><datafield ind1=" " ind2=" " tag="588"><subfield code="a">Latest issue consulted: Apr. 30, 1991.</subfield></datafield><datafield ind1=" " ind2="0" tag="650"><subfield code="a">Community newspapers</subfield><subfield code="z">Illinois</subfield><subfield code="z">Chicago.</subfield></datafield><datafield ind1=" " ind2="0" tag="651"><subfield code="a">Ravenswood (Chicago, Ill.)</subfield><subfield code="v">Newspapers.</subfield></datafield><datafield ind1=" " ind2="0" tag="651"><subfield code="a">Albany Park (Chicago, Ill.)</subfield><subfield code="v">Newspapers.</subfield></datafield><datafield ind1=" " ind2="7" tag="655"><subfield code="a">Newspapers.</subfield><subfield code="2">fast</subfield><subfield code="0">(OCoLC)fst01423814</subfield></datafield><datafield ind1=" " ind2="7" tag="650"><subfield code="a">Community newspapers.</subfield><subfield code="2">fast</subfield><subfield code="0">(OCoLC)fst00871103</subfield></datafield><datafield ind1=" " ind2="7" tag="651"><subfield code="a">Illinois</subfield><subfield code="z">Chicago.</subfield><subfield code="2">fast</subfield><subfield code="0">(OCoLC)fst01204048</subfield></datafield><datafield ind1=" " ind2="7" tag="651"><subfield code="a">Illinois</subfield><subfield code="z">Chicago</subfield><subfield code="z">Albany Park.</subfield><subfield code="2">fast</subfield><subfield code="0">(OCoLC)fst01324641</subfield></datafield><datafield ind1=" " ind2="7" tag="651"><subfield code="a">Illinois</subfield><subfield code="z">Chicago</subfield><subfield code="z">Ravenswood.</subfield><subfield code="2">fast</subfield><subfield code="0">(OCoLC)fst01329781</subfield></datafield><datafield ind1=" " ind2=" " tag="752"><subfield code="a">United States</subfield><subfield code="b">Illinois</subfield><subfield code="c">Cook County</subfield><subfield code="d">Chicago.</subfield></datafield><datafield ind1="1" ind2="4" tag="780"><subfield code="t">Albany Park news</subfield><subfield code="w">(DLC)sn 94054670</subfield><subfield code="w">(OCoLC)30018285</subfield></datafield><datafield ind1="1" ind2="4" tag="780"><subfield code="t">Ravenswood news (Chicago, Ill.)</subfield><subfield code="w">(DLC)sn 94054668</subfield><subfield code="w">(OCoLC)29990287</subfield></datafield><datafield ind1="1" ind2="7" tag="785"><subfield code="t">Rogers Park-Edgewater-Uptown news-star</subfield><subfield code="w">(DLC)sn 96070061</subfield><subfield code="w">(OCoLC)35423765</subfield></datafield><datafield ind1="1" ind2="7" tag="785"><subfield code="t">North Town news-star</subfield><subfield code="w">(DLC)sn 94054666</subfield><subfield code="w">(OCoLC)30018033</subfield></datafield><datafield ind1="1" ind2="7" tag="785"><subfield code="t">News-star (Chicago, Ill. : North Town Rogers Park Edgewater Ravenswood Albany Park ed.)</subfield><subfield code="w">(DLC)sn 97062080</subfield><subfield code="w">(OCoLC)38131829</subfield></datafield></record>